2023-03-03 Work vending machine
    liabilities:credit_card:daily_card         -3.52 USD
    expenses:food:vending_machine               3.52 USD

2023-03-03 Best Coffee Ever
    liabilities:credit_card:daily_card         -3.99 USD
    expenses:food:restaurant:best_coffee_ever   3.99 USD

2023-03-04 Walmart
    liabilities:credit_card:daily_card         -21.75 USD
    expenses:food:groceries:walmart             21.75 USD

2023-03-05 Best Chinese Ever
    liabilities:credit_card:daily_card         -161.15 USD
    expenses:food:restaurant:best_chinese_ever  161.15 USD

2023-03-05 Local fuel station
    liabilities:credit_card:daily_card         -27.02 USD
    expenses:car:fuel                           27.02 USD

2023-03-06 Netflix monthly
    liabilities:credit_card:daily_card         -9.99 USD
    expenses:entertainment:netfilx              9.99 USD

2023-03-06 Starbucks
    liabilities:credit_card:daily_card         -5.93 USD
    expenses:food:restaurant:starbucks          5.93 USD

2023-03-07 Paying off credit card
    assets:cash:bank:saving:my_piggy_bank      -550.00 USD
    liabilities:credit_card:daily_card          550.00 USD

2023-03-07 Pay back friend for dinner
    assets:cash:bank:checking                   53.70 USD
    expenses:food:restaurant:marcus            -53.70 USD

2023-03-08 Lunch
    liabilities:credit_card:daily_card         -14.41 USD
    expenses:food:restaurant:panera_bread       14.41 USD

2023-03-08 Buying new clothes
    liabilities:credit_card:daily_card         -60.50 USD
    expenses:clothes:amazon                     60.50 USD

